@book{ladr,
    author    = "Sheldon Axler",
    title     = "Linear Algebra Done Right (Third Edition)",
    year      = "2015",
    publisher = "Springer International Publishing"
}

@book{cvxopt,
    author    = "Stephen Boyd and Lieven Vandenberghe",
    title     = "Convex Optimization",
    year      = "2009",
    publisher = "Cambridge University Press",
    address   = "New York"
}

@book{numopt,
    author    = "Jorge Nocedal and Stephen J. Wright",
    title     = "Numerical Optimization",
    year      = "2006",
    publisher = "Springer Science+Business Media",
    address   = "New York"
}

@book{pitman,
    author    = "Jim Pitman",
    title     = "Probability",
    year      = "1993",
    publisher = "Springer-Verlag",
    address   = "New York"
}

@book{rigorousprob,
    author    = "Jeffrey S. Rosenthal",
    title     = "A First Look at Rigorous Probability Theory (Second Edition)",
    year      = "2006",
    publisher = "World Scientific Publishing",
    address   = "Singapore"
}

@book{rice,
    author    = "John A. Rice",
    title     = "Mathematical Statistics and Data Analysis",
    year      = "2007",
    publisher = "Thomson Brooks/Cole",
    address   = "Belmont, California"
}

@book{afam,
    author    = "Ward Cheney",
    title     = "Analysis for Applied Mathematics",
    year      = "2001",
    publisher = "Springer Science+Business Medias",
    address   = "New York"
}
