@book{folland,
    author    = "Gerald B. Folland",
    title     = "Real Analysis: Modern Techniques and Their Applications (Second Edition)",
    year      = "1999",
    publisher = "John Wiley \& Sons",
    address   = "New York"
}

@book{rigorousprob,
    author    = "Jeffrey S. Rosenthal",
    title     = "A First Look at Rigorous Probability Theory (Second Edition)",
    year      = "2006",
    publisher = "World Scientific Publishing",
    address   = "Singapore"
}

@book{pitman,
    author    = "Jim Pitman",
    title     = "Probability",
    year      = "1993",
    publisher = "Springer-Verlag",
    address   = "New York"
}
