@book{cvxopt,
    author    = "Stephen Boyd and Lieven Vandenberghe",
    title     = "Convex Optimization",
    year      = "2009",
    publisher = "Cambridge University Press",
    address   = "New York"
}

@book{numopt,
    author    = "Jorge Nocedal and Stephen J. Wright",
    title     = "Numerical Optimization",
    year      = "2006",
    publisher = "Springer Science+Business Media",
    address   = "New York"
}

@book{pitman,
    author    = "Jim Pitman",
    title     = "Probability",
    year      = "1993",
    publisher = "Springer-Verlag",
    address   = "New York"
}

@book{rice,
    author    = "John A. Rice",
    title     = "Mathematical Statistics and Data Analysis",
    year      = "2007",
    publisher = "Thomson Brooks/Cole",
    address   = "Belmont, California"
}